@Book{design_patterns,
  key =          {GoF},
  author = 	 	 {E. Gamma and R. Helm and R. Johnson and J. Vlissides},
  title = 	 	 {Dessign Patterns},
  publisher = 	 {Addison-Wesley},
  year = 	 	 {1996},
}

@Book{puder05:_distr_system_archit,
  author =		{A. Puder and K. Römer and F. Pilhofer},
  title = 	 	{Distributed Systems Architecture: A Middleware Approach},
  publisher = 	{Morgan Kaufman},
  year = 	 	{2005}
}

@Book{sousa,
  author = 	 {{Martínez de Sousa}, J.},
  title = 	 {Ortografía y ortotipografía del español actual},
  publisher = 	 {Trea},
  year = 	 {2008},
}



@misc{bernerslee:2009,
  added-at = {2010-01-21T12:10:28.000+0100},
  author = {Berners-Lee, Tim},
  biburl = {http://www.bibsonomy.org/bibtex/22b98bfec0ccda1a80af951a2d1ef57e5/lechatpito},
  howpublished = {W3C design issue document},
  interhash = {8b16380d7024c62d9678a0120d765454},
  intrahash = {2b98bfec0ccda1a80af951a2d1ef57e5},
  keywords = {linked-data},
  month = {June},
  note = {http://www.w3.org/DesignIssue/LinkedData.html},
  timestamp = {2010-01-21T12:10:28.000+0100},
  title = {Linked-data design issues},
  url = {http://www.w3.org/DesignIssues/LinkedData.html},
  year = 2009
}

@book{BPM,
   author = {Benson, Peter and Hildebrand, Melissa},
   title = {Managing Blind: A Data Quality and Data Governance Vade Mecum},
   publisher = {ECCMA},
   address = {Bethlehem (Pensylvania)},
   year = {2012}
}

@article{Wang:1996:BAD:1189570.1189572,
 author = {Wang, Richard Y. and Strong, Diane M.},
 title = {Beyond Accuracy: What Data Quality Means to Data Consumers},
 journal = {J. Manage. Inf. Syst.},
 issue_date = {March 1996},
 volume = {12},
 number = {4},
 month = mar,
 year = {1996},
 issn = {0742-1222},
 pages = {5--33},
 numpages = {29},
 url = {http://dl.acm.org/citation.cfm?id=1189570.1189572},
 acmid = {1189572},
 publisher = {M. E. Sharpe, Inc.},
 address = {Armonk, NY, USA},
 keywords = {data administration, data quality, database systems},
} 

@inproceedings{conf/webist/CaballeroVCP08,
  added-at = {2008-08-18T00:00:00.000+0200},
  author = {Caballero, Ismael and Verbo, Eugenio and Calero, Coral and Piattini, Mario},
  biburl = {http://www.bibsonomy.org/bibtex/2f44ebb3af200aa1bc426a34117487ac7/dblp},
  booktitle = {WEBIST (1)},
  date = {2008-08-18},
  description = {dblp},
  editor = {Cordeiro, Jos\'e and Filipe, Joaquim and Hammoudi, Slimane},
  interhash = {440a2ad25109b4efd2aad6fc805c14de},
  intrahash = {f44ebb3af200aa1bc426a34117487ac7},
  isbn = {978-989-8111-26-5},
  keywords = {dblp},
  pages = {178-183},
  publisher = {INSTICC Press},
  timestamp = {2008-08-18T00:00:00.000+0200},
  title = {D{Q}{R}{D}{F}{S} - {T}owards a {S}emantic {W}eb {E}nhanced with {D}ata {Q}uality.},
  url = {http://dblp.uni-trier.de/db/conf/webist/webist2008-1.html#CaballeroVCP08},
  year = 2008
}
@inproceedings{conf/webist/CaballeroMACC,
  added-at = {2008-08-18T00:00:00.000+0200},
  author = {Caballero, Ismael and Moraga, M.A. and Calero, Coral},
  date = {2008-08-18},
  description = {dblp2},
  keywords = {dblp2},
  timestamp = {2008-08-18T00:00:00.000+0200},
  title = {Integraci\'on de {A}spectos de {C}alidad de {D}atos en {S}istemas de {I}nformaci\'on},
  year = 2008
}

@book{Batini:2006:DQC:1177291,
 author = {Batini, Carlo and Scannapieco, Monica},
 title = {Data Quality: Concepts, Methodologies and Techniques (Data-Centric Systems and Applications)},
 year = {2006},
 isbn = {3540331727},
 publisher = {Springer-Verlag New York, Inc.},
 address = {Secaucus, NJ, USA},
} 
@inproceedings{Furber:2011:TVD:1966901.1966903,
 author = {F\"{u}rber, Christian and Hepp, Martin},
 title = {Towards a Vocabulary for Data Quality Management in Semantic Web Architectures},
 booktitle = {Proceedings of the 1st International Workshop on Linked Web Data Management},
 series = {LWDM '11},
 year = {2011},
 isbn = {978-1-4503-0608-9},
 location = {Uppsala, Sweden},
 pages = {1--8},
 numpages = {8},
 url = {http://doi.acm.org/10.1145/1966901.1966903},
 doi = {10.1145/1966901.1966903},
 acmid = {1966903},
 publisher = {ACM},
 address = {New York, NY, USA},
 keywords = {SPARQL, data quality management, information quality, knowledge representation, linked data management, ontology, semantic web, trust},
}
@article{journals/ets/JovanovicGKR07,
  added-at = {2010-01-11T00:00:00.000+0100},
  author = {Jovanovic, Jelena and Gasevic, Dragan and Knight, Colin and Richards, Griff},
  biburl = {http://www.bibsonomy.org/bibtex/215fd3b203cc591305e648496e84637ef/dblp},
  date = {2010-01-11},
  description = {dblp},
  ee = {http://www.ifets.info/abstract.php?art_id=768},
  interhash = {20e74aee865fb14a01221859e86261de},
  intrahash = {15fd3b203cc591305e648496e84637ef},
  journal = {Educational Technology \& Society},
  keywords = {dblp},
  number = 3,
  pages = {47-59},
  timestamp = {2010-01-11T00:00:00.000+0100},
  title = {Ontologies for Effective Use of Context in e-Learning Settings.},
  url = {http://dblp.uni-trier.de/db/journals/ets/ets10.html#JovanovicGKR07},
  volume = 10,
  year = 2007
}

@article{Shadbolt:2006:SWR:1155313.1155373,
 author = {Shadbolt, Nigel and Berners-Lee, Tim and Hall, Wendy},
 title = {The Semantic Web Revisited},
 journal = {IEEE Intelligent Systems},
 issue_date = {May 2006},
 volume = {21},
 number = {3},
 month = may,
 year = {2006},
 issn = {1541-1672},
 pages = {96--101},
 numpages = {6},
 url = {http://dx.doi.org/10.1109/MIS.2006.62},
 doi = {10.1109/MIS.2006.62},
 acmid = {1155373},
 publisher = {IEEE Educational Activities Department},
 address = {Piscataway, NJ, USA},
 keywords = {Semantic Web, Semantic Web, semantic networks, standards, e-science, Web services, Web services, e-science, semantic networks, standards},
} 

@article{Strong:1997:DQC:253769.253804,
 author = {Strong, Diane M. and Lee, Yang W. and Wang, Richard Y.},
 title = {Data Quality in Context},
 journal = {Commun. ACM},
 issue_date = {May 1997},
 volume = {40},
 number = {5},
 month = may,
 year = {1997},
 issn = {0001-0782},
 pages = {103--110},
 numpages = {8},
 url = {http://doi.acm.org/10.1145/253769.253804},
 doi = {10.1145/253769.253804},
 acmid = {253804},
 publisher = {ACM},
 address = {New York, NY, USA},
} 

@book{Allemang:2008:SWW:1386668,
 author = {Allemang, Dean and Hendler, James},
 title = {Semantic Web for the Working Ontologist: Effective Modeling in RDFS and OWL},
 year = {2008},
 isbn = {0123735564, 9780123735560},
 publisher = {Morgan Kaufmann Publishers Inc.},
 address = {San Francisco, CA, USA},
} 

@book{Daconta.2003,
  added-at = {2011-01-21T09:59:21.000+0100},
  address = {Indianapolis, Ind.},
  author = {Daconta, Michael C. and Obrst, Leo J. and Smith, Kevin T.},
  biburl = {http://www.bibsonomy.org/bibtex/230f6e33e56831a833d06a8b1e2384a52/comanderkeen},
  interhash = {08b82b5da1dd3850469c0728489d535f},
  intrahash = {30f6e33e56831a833d06a8b1e2384a52},
  isbn = {0471432571},
  keywords = {Grundlagen Knowledge Management OWL RDF Semantic Web XML},
  publisher = {Wiley},
  series = {Programming, software development},
  timestamp = {2011-01-21T09:59:21.000+0100},
  title = {The semantic web: A guide to the future of XML, web services, and knowledge management},
  url = {http://www.loc.gov/catdir/description/wiley039/2003001705.html / http://www.loc.gov/catdir/bios/wiley045/2003001705.html / http://www.gbv.de/dms/hebis-darmstadt/toc/112143644.pdf},
  year = 2003
}

@book{cardoso_semantic_2007,
  added-at = {2009-11-11T00:12:51.000+0100},
  address = {Hershey, {PA}},
  author = {Cardoso, Jorge},
  biburl = {http://www.bibsonomy.org/bibtex/2e8a477b58e42e711760b31380878ef04/rogargon},
  interhash = {158184d0ecd69d74c91c3cfef1709698},
  intrahash = {e8a477b58e42e711760b31380878ef04},
  isbn = {{159904045X}},
  keywords = {book {SemanticWeb }_webservices},
  month = {March},
  publisher = {{IGI} Global},
  shorttitle = {Semantic Web Services},
  timestamp = {2009-11-11T00:12:51.000+0100},
  title = {Semantic Web Services: Theory, Tools and Applications},
  year = 2007
}
@inproceedings{Broder:2007:SAC:1277741.1277837,
 author = {Broder, Andrei and Fontoura, Marcus and Josifovski, Vanja and Riedel, Lance},
 title = {A Semantic Approach to Contextual Advertising},
 booktitle = {Proceedings of the 30th Annual International ACM SIGIR Conference on Research and Development in Information Retrieval},
 series = {SIGIR '07},
 year = {2007},
 isbn = {978-1-59593-597-7},
 location = {Amsterdam, The Netherlands},
 pages = {559--566},
 numpages = {8},
 url = {http://doi.acm.org/10.1145/1277741.1277837},
 doi = {10.1145/1277741.1277837},
 acmid = {1277837},
 publisher = {ACM},
 address = {New York, NY, USA},
 keywords = {contextual advertising, matching, semantics},
} 

@inproceedings{Shah:2002:IRS:584792.584868,
 author = {Shah, Urvi and Finin, Tim and Joshi, Anupam and Cost, R. Scott and Matfield, James},
 title = {Information Retrieval on the Semantic Web},
 booktitle = {Proceedings of the Eleventh International Conference on Information and Knowledge Management},
 series = {CIKM '02},
 year = {2002},
 isbn = {1-58113-492-4},
 location = {McLean, Virginia, USA},
 pages = {461--468},
 numpages = {8},
 url = {http://doi.acm.org/10.1145/584792.584868},
 doi = {10.1145/584792.584868},
 acmid = {584868},
 publisher = {ACM},
 address = {New York, NY, USA},
 keywords = {hybrid information retrieval, query-answering systems, semantic web, text extraction},
} 

@inproceedings{Polleres:2007:SR:1242572.1242679,
 author = {Polleres, Axel},
 title = {From SPARQL to Rules (and Back)},
 booktitle = {Proceedings of the 16th International Conference on World Wide Web},
 series = {WWW '07},
 year = {2007},
 isbn = {978-1-59593-654-7},
 location = {Banff, Alberta, Canada},
 pages = {787--796},
 numpages = {10},
 url = {http://doi.acm.org/10.1145/1242572.1242679},
 doi = {10.1145/1242572.1242679},
 acmid = {1242679},
 publisher = {ACM},
 address = {New York, NY, USA},
 keywords = {SPARQL, datalog, rules},
} 

@inproceedings{conf/ekaw/FurberH10,
  added-at = {2010-11-22T00:00:00.000+0100},
  author = {F\"{u}rber, Christian and Hepp, Martin},
  biburl = {http://www.bibsonomy.org/bibtex/22e688458c0bd0560d5b9672799a57938/dblp},
  booktitle = {EKAW},
  editor = {Cimiano, Philipp and Pinto, Helena Sofia},
  ee = {http://dx.doi.org/10.1007/978-3-642-16438-5_15},
  interhash = {57598425b93d9d6e74b2239b282b657a},
  intrahash = {2e688458c0bd0560d5b9672799a57938},
  isbn = {978-3-642-16437-8},
  keywords = {dblp},
  pages = {211-225},
  publisher = {Springer},
  series = {Lecture Notes in Computer Science},
  timestamp = {2010-11-22T00:00:00.000+0100},
  title = {Using Semantic Web Resources for Data Quality Management.},
  url = {http://dblp.uni-trier.de/db/conf/ekaw/ekaw2010.html#FurberH10},
  volume = 6317,
  year = 2010
}

@article{bernerslee2001semantic,
  added-at = {2012-04-02T16:25:07.000+0200},
  author = {Berners-Lee, Tim and Hendler, James and Lassila, Ora},
  biburl = {http://www.bibsonomy.org/bibtex/2222934145a71a9d6cfbbb375d4d62c1d/eakaluk},
  interhash = {e87f09446138a81e6478625da97885b6},
  intrahash = {222934145a71a9d6cfbbb375d4d62c1d},
  journal = {Scientific American},
  keywords = {},
  lastdatemodified = {2007-04-27},
  lastname = {Berners-Lee},
  month = may,
  number = 5,
  own = {notown},
  pages = {34-43},
  read = {notread},
  title = {The Semantic Web},
  url = {http://www.sciam.com/article.cfm?articleID=00048144-10D2-1C70-84A9809EC588EF21},
  volume = 284,
  year = 2001
}

@article{Wang:1998:PPT:269012.269022,
 author = {Wang, Richard Y.},
 title = {A Product Perspective on Total Data Quality Management},
 journal = {Commun. ACM},
 issue_date = {Feb. 1998},
 volume = {41},
 number = {2},
 month = feb,
 year = {1998},
 issn = {0001-0782},
 pages = {58--65},
 numpages = {8},
 url = {http://doi.acm.org/10.1145/269012.269022},
 doi = {10.1145/269012.269022},
 acmid = {269022},
 publisher = {ACM},
 address = {New York, NY, USA},
} 


@misc{W3CSW,
	title = {Semantic Web - W3C},
	url = {http://www.w3.org/standards/semanticweb/},
	urldate = {2014-07-30}
}
@misc{W3CSWES,
	title = {Semantic Web - W3C},
	url = {http://www.w3.es/Divulgacion/GuiasBreves/WebSemantica},
	urldate = {2014-07-30}
}


@article{bizer_linked_2009,
	title = {Linked Data - The Story So Far:},
	volume = {5},
	issn = {1552-6283, 1552-6291},
	shorttitle = {Linked Data - The Story So Far},
	url = {http://services.igi-global.com/resolvedoi/resolve.aspx?doi=10.4018/jswis.2009081901},
	doi = {10.4018/jswis.2009081901},
	language = {en},
	number = {3},
	urldate = {2014-07-29},
	journal = {International Journal on Semantic Web and Information Systems},
	author = {Bizer, Christian and Heath, Tom and Berners-Lee, Tim},
	year = {2009},
	pages = {1--22}
}

@misc{ISHI,
	title = {What is Total Quality Control?: The Japanese Way: Amazon.es: Kaoru Ishikawa: Libros en idiomas extranjeros},
year = 1985,
	urldate = {2014-08-02}	
}

@misc{HJBL,
	title = {Integrating Applications on the Semantic Web},
	url = {http://www.w3.org/2002/07/swint},
year = 2002, 
	urldate = {2014-08-02},
	author = {Hendler, James and Berners-Le, Tim and Miller, Eric}
}


@inproceedings{HALPIN,
	title = {One document to bind them: combining {XML}, web services, and the semantic web},
	isbn = {1595933239},
	shorttitle = {One document to bind them},
	url = {http://portal.acm.org/citation.cfm?doid=1135777.1135877},
	doi = {10.1145/1135777.1135877},
	language = {en},
	urldate = {2014-08-02},
	publisher = {{ACM} Press},
	author = {Halpin, Harry and Thompson, Henry S.},
	year = {2006},
	pages = {679}
}


@misc{SPARQL,
	title = {{SPARQL} Query Language for {RDF}},
	url = {http://www.w3.org/TR/rdf-sparql-query/},
	urldate = {2014-08-02}
}

@misc{RDF,
	title = {{RDF} - Semantic Web Standards},
	url = {http://www.w3.org/RDF/},
	urldate = {2014-08-02}
}

@misc{OWL,
	title = {{OWL} - Semantic Web Standards},
	url = {http://www.w3.org/OWL/},
	urldate = {2014-08-02}
}

@misc{XML,
	title = {Extensible Markup Language ({XML})},
	url = {http://www.w3.org/XML/},
	urldate = {2014-08-02}
}


@misc{GRUBER, 
	title = {Ontology (Computer Science) - definition in Encyclopedia of Database Systems},
	url = {http://tomgruber.org/writing/ontology-definition-2007.htm},
	urldate = {2014-08-02},
	author = {Gruber, Tom}
}


@misc{JENA,
	title = {Apache Jena - Home},
	url = {http://jena.apache.org/},
   year = 2014,
	urldate = {2014-08-03}
}


@misc{PASTOR,
	title = {Tecnologias de Web Semantica},
	urldate = {2014-08-03},
year = 2011, 
	author = {Juan Antonio Pastor Sanchez}
}

@article{decker_semantic_2000,
	title = {The semantic web: The roles of {XML} and {RDF}},
	volume = {4},
	shorttitle = {The semantic web},
	url = {http://ieeexplore.ieee.org/xpls/abs_all.jsp?arnumber=877487},
	number = {5},
	urldate = {2014-08-03},
	journal = {Internet Computing, {IEEE}},
	author = {Decker, Stefan and Melnik, Sergey and Van Harmelen, Frank and Fensel, Dieter and Klein, Michel and Broekstra, Jeen and Erdmann, Michael and Horrocks, Ian},
	year = {2000},
	pages = {63–73}
}


@article{studer_knowledge_1998,
	title = {Knowledge engineering: Principles and methods},
	volume = {25},
	issn = {0169023X},
	shorttitle = {Knowledge engineering},
	url = {http://linkinghub.elsevier.com/retrieve/pii/S0169023X97000566},
	doi = {10.1016/S0169-023X(97)00056-6},
	language = {en},
	number = {1-2},
	urldate = {2014-08-03},
	journal = {Data \& Knowledge Engineering},
	author = {Studer, Rudi and Benjamins, V.Richard and Fensel, Dieter},
	month = mar,
	year = {1998},
	pages = {161--197}
}

@book{guarino_formal_1998,
	title = {Formal ontology in information systems: Proceedings of the first international conference ({FOIS}'98), June 6-8, Trento, Italy},
	volume = {46},
	shorttitle = {Formal ontology in information systems},
	urldate = {2014-08-03},
	publisher = {{IOS} press},
	author = {Guarino, Nicola},
	year = {1998}
}


@book{noy_ontology_2001,
	title = {Ontology development 101: A guide to creating your first ontology},
	shorttitle = {Ontology development 101},
	url = {http://liris.cnrs.fr/~amille/enseignements/Ecole_Centrale/What%20is%20an%20ontology%20and%20why%20we%20need%20it.htm},
	urldate = {2014-08-03},
	publisher = {Stanford knowledge systems laboratory technical report {KSL}-01-05 and Stanford medical informatics technical report {SMI}-2001-0880},
	author = {Noy, Natalya F. and McGuinness, Deborah L. and {others}},
	year = {2001}
}


@misc{VCARD,
	title = {{vCard} Ontology - for describing People and Organizations},
	url = {http://www.w3.org/TR/vcard-rdf/},
	urldate = {2014-08-03}
}

@misc{FOAF,
	title = {The Friend of a Friend ({FOAF}) project {\textbar} {FOAF} project},
	url = {http://www.foaf-project.org/},
	urldate = {2014-08-03}
}


@misc{OPENRDF,
	title = {{openRDF}.org: Home},
	url = {http://www.openrdf.org/},
	urldate = {2014-08-03}
}

@misc{JRDF,
	title = {{JRDF} - An {RDF} {L}ibrary in {J}ava},
	url = {jrdf.sourceforge.net},
	urldate = {2014-08-03}
}

@misc{CUBIC,
	title = {{CubicWeb} Semantic Web Framework},
	url = {http://www.cubicweb.org/},
	urldate = {2014-08-03}
}

@misc{W3CTools,
	title = {Tools - Semantic Web Standards},
	url = {http://www.w3.org/2001/sw/wiki/Tools},
	urldate = {2014-08-03}
}


@inproceedings{ding_tracking_2005,
	title = {Tracking rdf graph provenance using rdf molecules},
	url = {ftp://www.ksl.stanford.edu/local/pub/KSL_Reports/KSL-05-06.pdf},
	urldate = {2014-08-03},
	booktitle = {Proc. of the 4th International Semantic Web Conference (Poster)},
	author = {Ding, Li and Finin, Tim and Peng, Yun and Da Silva, Paulo Pinheiro and McGuinness, Deborah L.},
	year = {2005},
	pages = {42}
}

@misc{APPS,
	title = {Your City Needs These 7 Open Data Apps},
	url = {http://mashable.com/2012/11/07/open-data-city-apps/},
	urldate = {2014-08-03}
}


@book{rumbaugh_unified_2004,
	address = {Boston},
	edition = {Second},
	title = {The Unified Modeling Language Reference Manual,},
	isbn = {9780321718952},
	publisher = {Addison Wesley Pub Co Inc},
	author = {Rumbaugh, James and Jacobson, Ivar and Booch, Grady},
	month = jul,
	year = {2004}
}

@book{rumbaugh_jacobson_pud,
	title = {{EL} {PROCESO} {UNIFICADO} {DE} {DESARROLLO} {DE} {SOFTWARE}},
	abstract = {438 pp. 19,5 x 25 cm.},
	publisher = {Addison Wesley},
	author = {Rumbaugh, James and Jacobson, Ivar and Booch, Grady},
}

@misc{AntePFC,
	title = {Anteproyecto {F}in de {C}arrera: {E}xtending {J}ena to {S}upport {D}ata {Q}uality {C}ontext-{A}ware {A}ssessment of {L}inked {O}pen {D}ata},
	author = {Reguillo Carmona, Ra\'ul and Caballero Mu\~noz-Reja, Ismael}
}


@article{zaveri_quality_2013,
	title = {Quality assessment methodologies for linked open data},
	url = {http://semantic-web-journal.net/system/files/swj414.pdf},
	urldate = {2014-08-06},
	journal = {Submitted to Semantic Web Journal},
	author = {Zaveri, Amrapali and Rula, Anisa and Maurino, Andrea and Pietrobon, Ricardo and Lehmann, Jens and Auer, Soren and Hitzler, Pascal},
	year = {2013}
}

@article{pipino_data_2002,
	title = {Data quality assessment},
	volume = {45},
	url = {http://dl.acm.org/citation.cfm?id=506010},
	number = {4},
	urldate = {2014-08-15},
	journal = {Communications of the {ACM}},
	author = {Pipino, Leo L. and Lee, Yang W. and Wang, Richard Y.},
	year = {2002},
	pages = {211–218}
}

@techreport{citeulike:5717734,
    citeulike-article-id = {5717734},
    keywords = {data-quality},
    posted-at = {2009-09-03 13:29:17},
    priority = {2},
author = {ISO25012},
    title = {{ISO/IEC 25012
x ISO/IEC 25012
Software-Engineering - Qualit\"{a}tskriterien und Bewertung von Softwareprodukten (SQuaRE) - Modell der Datenqualit\"{a}t}}
}

@book{loshin_big_2013,
	title = {Big data analytics: from strategic planning to enterprise integration with tools, techniques, {NoSQL}, and graph},
	isbn = {9780124186644  0124186645  9781299821293  1299821294},
	shorttitle = {Big data analytics},
	abstract = {Provides an overview of the drivers for introducing big data technology into an organization and for understanding the types of business problems best suited to big data analytics solutions, understanding the value drivers and benefits, strategic planning, developing a pilot, and eventually planning to integrate back into production within the enterprise.},
	language = {English},
	urldate = {2014-08-17},
	author = {Loshin, David},
	year = {2013}
}